@book{pythonbook,
	editor = {Albert Sweigart},
	title = {Automate The Boring Stuff With Python},
	year = {2015},
	isbn = {1593275994},
	publisher = {No Starch Press,US},
}

@book{djangobeginners,
	author = {Daniel Rubio},
	title = {Beginning Django},
	year = {2017},
	isbn = {1484227867},
	publisher = {APress},
}

@book{agilis,
	author = {Akadémi kiadó},
	title = {Agilis gyakorlati útmutató},
	year = {2017},
	isbn = {9789630599429},
	publisher = {Akadémia kiadó},
}